% books

@book{abramovich2023,
  title={Bayesian Statistics},
  author={Abramovich, Felix and Ritov, Ya'acov},
  year={2023},
  publisher={CRC press}
}

@book{bda3,
  title={Bayesian Data Analysis},
  author={Gelman, Andrew and Carlin, John B. and Stern, Hal S. and Dunson, David B. and Vehtari, Aki and Rubin, Donald B.},
  year={2013},
  publisher={CRC press}
}

@book{goldberger1991,
  title={A Course in Econometrics},
  author={Goldberger, Arthur S.},
  year={1991},
  publisher={Harvard University Press}
}

@book{kennedy2008,
  title={A Guide to Econometrics},
  author={Kennedy, Peter},
  year={2008},
  publisher={John Wiley \& Sons}
}

@book{mcelreath2018,
  title={Statistical Rethinking: A Bayesian course with examples in R and Stan},
  author={McElreath, Richard},
  year={2018},
  publisher={Chapman and Hall/CRC}
}

@book{rizzo2019,
  title={Statistical Computing with R},
  author={Rizzo, Maria L},
  year={2019},
  publisher={Chapman and Hall/CRC}
}

@book{train2009,
  title={Discrete Choice Methods with Simulation},
  author={Train, Kenneth E.},
  isbn={9781139480376},
  url={https://eml.berkeley.edu/books/choice2.html},
  year={2009},
  edition={2},
  publisher={Cambridge University Press}
}

@book{r4ds,
  title={R for Data Science},
  author={Wickham, Hadley and Cetinka-Rundel, Mine and Grolemund, Garrett},
  year={2023},
  publisher={O'Reilly Media},
  edition={2}
}

@book{advr,
  title={Advanced R},
  author={Wickham, Hadley},
  year={2019},
  publisher={Chapman and Hall/CRC},
  edition={2}
}

@book{hrg2015,
  title={Applied Choice Analysis},
  author={Hensher, David A. and Rose, John M. and Greene, William H.},
  isbn={9781107465923},
  year={2015},
  edition={2},
  publisher={Cambridge University Press}
}

@book{hansen1,
  title={Probability & Statistics for Economists},
  author={Hansen, Bruce},
  isbn={9780691235943},
  year={2022},
  publisher={Princeton University Press}
}

@book{hansen2,
  title={Econometrics},
  author={Hansen, Bruce},
  isbn={9780691235899},
  year={2022},
  publisher={Princeton University Press}
}

% articles

@article{gelman2020,
  title={Bayesian workflow},
  author={Gelman, Andrew and Vehtari, Aki and Simpson, Daniel and Margossian, Charles C and Carpenter, Bob and Yao, Yuling and Kennedy, Lauren and Gabry, Jonah and B{\"u}rkner, Paul-Christian and Modr{\'a}k, Martin},
  journal={arXiv preprint arXiv:2011.01808},
  year={2020}
}